@article{poolla1994time,
  title={A time-domain approach to model validation},
  author={Poolla, Kameshwar and Khargonekar, Pramod and Tikku, Ashok and Krause, James and Nagpal, Krishan},
  journal={IEEE Transactions on automatic control},
  volume={39},
  number={5},
  pages={951--959},
  year={1994},
  publisher={IEEE}
}

@article{jun1999automatic,
  title={Automatic PID tuning: An application of unfalsified control},
  author={Jun, Myungsoo and Safonov, Michael G},
  journal={Proc. IEEE CCA/CACSD},
  volume={2},
  pages={328--333},
  year={1999}
}

@article{smith2002nonlinear,
  title={Nonlinear functional characterizations of uncertainty in model validation},
  author={Smith, Roy and Dullerud, Geir},
  journal={IFAC Proceedings Volumes},
  volume={35},
  number={1},
  pages={151--156},
  year={2002},
  publisher={Elsevier}
}

@article{hardt2016gradient,
  title={Gradient Descent Learns Linear Dynamical Systems},
  author={Hardt, Moritz and Ma, Tengyu and Recht, Benjamin},
  journal={arXiv preprint arXiv:1609.05191},
  year={2016}
}

@inproceedings{shah2012linear,
  title={Linear system identification via atomic norm regularization},
  author={Shah, Parikshit and Bhaskar, Badri Narayan and Tang, Gongguo and Recht, Benjamin},
  booktitle={2012 IEEE 51st IEEE Conference on Decision and Control (CDC)},
  pages={6265--6270},
  year={2012},
  organization={IEEE}
}
@article{rudelson2013hanson,
  title={Hanson-Wright inequality and sub-gaussian concentration},
  author={Rudelson, Mark and Vershynin, Roman and others},
  journal={Electron. Commun. Probab},
  volume={18},
  number={82},
  pages={1--9},
  year={2013}
}

@article{veenman2014iqc,
  title={IQC-synthesis with general dynamic multipliers},
  author={Veenman, Joost and Scherer, Carsten W},
  journal={International Journal of Robust and Nonlinear Control},
  volume={24},
  number={17},
  pages={3027--3056},
  year={2014},
  publisher={Wiley Online Library}
}

@article{megretski1997system,
  title={System analysis via integral quadratic constraints},
  author={Megretski, Alexandre and Rantzer, Anders},
  journal={IEEE Transactions on Automatic Control},
  volume={42},
  number={6},
  pages={819--830},
  year={1997},
  publisher={IEEE}
}